@INPROCEEDINGS{Wei2004,
  author={Wei Yu and Sahinoglu, Z. and Vetro, A.},
  booktitle={IEEE Global Telecommunications Conference, 2004. GLOBECOM '04.}, 
  title={Energy efficient JPEG 2000 image transmission over wireless sensor networks}, 
  year={2004},
  volume={5},
  number={},
  pages={2738-2743 Vol.5},
  doi={10.1109/GLOCOM.2004.1378853}}

  @INPROCEEDINGS{Appadwedula1998,

  author={Appadwedula, S. and Jones, D.L. and Ramchandran, K. and Leiming Qian},
  booktitle={Proceedings 1998 International Conference on Image Processing. ICIP98 (Cat. No.98CB36269)}, 
  title={Joint source channel matching for a wireless image transmission}, 
  year={1998},
  volume={2},
  number={},
  pages={137-141 vol.2},
  doi={10.1109/ICIP.1998.723333}}

  @ARTICLE{Jianfei2000,

  author={Jianfei Cai and Chang Wen Chen},
  journal={IEEE Transactions on Circuits and Systems for Video Technology}, 
  title={Robust joint source-channel coding for image transmission over wireless channels}, 
  year={2000},
  volume={10},
  number={6},
  pages={962-966},
  doi={10.1109/76.867934}}

  @INPROCEEDINGS{Bursalioglu2011,
  author={Bursalioglu, Ozgun Y. and Caire, Giuseppe and Divsalar, Dariush},
  booktitle={2011 Information Theory and Applications Workshop}, 
  title={Joint source-channel coding for deep space image transmission using rateless codes}, 
  year={2011},
  volume={},
  number={},
  pages={1-10},
  doi={10.1109/ITA.2011.5743568}}

  @article{Bourtsoulatze2019,
	doi = {10.1109/tccn.2019.2919300},
	year = 2019,
	month = {sep},
	publisher = {Institute of Electrical and Electronics Engineers ({IEEE})},
	volume = {5},
	number = {3},
	pages = {567--579},
	author = {Eirina Bourtsoulatze and David Burth Kurka and Deniz Gunduz},
	title = {Deep Joint Source-Channel Coding for Wireless Image Transmission}, 
	journal = {{IEEE} Transactions on Cognitive Communications and Networking}
}

@ARTICLE{Aoudia2019,
  author={Aoudia, Fayçal Ait and Hoydis, Jakob},
  journal={IEEE Journal on Selected Areas in Communications}, 
  title={Model-Free Training of End-to-End Communication Systems}, 
  year={2019},
  volume={37},
  number={11},
  pages={2503-2516},
  doi={10.1109/JSAC.2019.2933891}}

  @ARTICLE{Kurka2021,
  author={Kurka, David Burth and Gündüz, Deniz},
  journal={IEEE Transactions on Wireless Communications}, 
  title={Bandwidth-Agile Image Transmission With Deep Joint Source-Channel Coding}, 
  year={2021},
  volume={20},
  number={12},
  pages={8081-8095},
  doi={10.1109/TWC.2021.3090048}}

  @INPROCEEDINGS{Tung2022,
  author={Tung, Tze-Yang and Kurka, David Burth and Jankowski, Mikolaj and Gündüz, Deniz},
  booktitle={ICC 2022 - IEEE International Conference on Communications}, 
  title={DeepJSCC-Q: Channel Input Constrained Deep Joint Source-Channel Coding}, 
  year={2022},
  volume={},
  number={},
  pages={3880-3885},
  doi={10.1109/ICC45855.2022.9838671}}

  @misc{yang2021,
      title={Deep Joint Source Channel Coding for WirelessImage Transmission with OFDM}, 
      author={Mingyu Yang and Chenghong Bian and Hun-Seok Kim},
      year={2021},
      eprint={2101.03909},
      archivePrefix={arXiv},
      primaryClass={eess.SP}
}

@misc{yang2021_2,
      title={Deep Joint Source-Channel Coding for Wireless Image Transmission with Adaptive Rate Control}, 
      author={Mingyu Yang and Hun-Seok Kim},
      year={2021},
      eprint={2110.04456},
      archivePrefix={arXiv},
      primaryClass={eess.SP}
}

@INPROCEEDINGS{Xuan2021,
  author={Xuan, Ziwei and Narayanan, Krishna},
  booktitle={ICC 2021 - IEEE International Conference on Communications}, 
  title={Deep Joint Source-Channel Coding for Transmission of Correlated Sources over AWGN Channels}, 
  year={2021},
  volume={},
  number={},
  pages={1-6},
  doi={10.1109/ICC42927.2021.9500692}}

@article{resnet,
  doi = {10.48550/ARXIV.1512.03385},
  x-url = {https://arxiv.org/abs/1512.03385},
  journal = {arXiv preprint 1512.03385},
  author = {He, Kaiming and Zhang, Xiangyu and Ren, Shaoqing and Sun, Jian},
  keywords = {Computer Vision and Pattern Recognition (cs.CV), FOS: Computer and information sciences, FOS: Computer and information sciences},
  title = {Deep residual learning for image recognition},
  year = {2015},
}

@misc{vojvodina2016,
  url = {https://www.esa.int/ESA\_Multimedia/Images/2017/04/Vojvodina\_Serbia},
  author = {ESA},
  title = {{V}ojvodina, {S}erbia},
  year = 2016,
}

@inproceedings{sumbul2019bigearthnet,
  author = {Sumbul, G. and Charfuelan, M. and Demir, B. and Markl, V.},
  title = {{BigEarthNet}: A Large-Scale Benchmark Archive for Remote Sensing Image Understanding},
  booktitle = {IEEE International Geoscience and Remote Sensing Symposium},
  year = {2019},
  pages = {5901-5904},
  address = {Yokohama, Japan}
}

@article{Sumbul2021,
  doi = {10.1109/mgrs.2021.3089174},
  x-url = {https://doi.org/10.1109/mgrs.2021.3089174},
  year = {2021},
  month = sep,
  publisher = {Institute of Electrical and Electronics Engineers ({IEEE})},
  volume = {9},
  number = {3},
  pages = {174--180},
  author = {Gencer Sumbul and Arne de Wall and Tristan Kreuziger and Filipe Marcelino and Hugo Costa and Pedro Benevides and Mario Caetano and Begum Demir and Volker Markl},
  title = {{BigEarthNet}-{MM}: A Large-Scale,  Multimodal,  Multilabel Benchmark Archive for Remote Sensing Image Classification and Retrieval [Software and Data Sets]},
  journal = {{IEEE} Geoscience and Remote Sensing Magazine}
}

@ARTICLE{Hu2022,
  author={Hu, Yueyu and Yang, Wenhan and Ma, Zhan and Liu, Jiaying},
  journal={IEEE Transactions on Pattern Analysis and Machine Intelligence}, 
  title={Learning End-to-End Lossy Image Compression: A Benchmark}, 
  year={2022},
  volume={44},
  number={8},
  pages={4194-4211},
  doi={10.1109/TPAMI.2021.3065339}}

  @article{Kong2020,
  doi = {10.3390/rs13010009},
  x-url = {https://doi.org/10.3390/rs13010009},
  year = {2020},
  month = dec,
  publisher = {{MDPI} {AG}},
  volume = {13},
  number = {1},
  pages = {9},
  author = {Fanqiang Kong and Kedi Hu and Yunsong Li and Dan Li and Shunmin Zhao},
  title = {Spectral{\textendash}Spatial Feature Partitioned Extraction Based on {CNN} for Multispectral Image Compression},
  journal = {Remote Sensing}
}

@article{AlvesdeOliveira2021,
  doi = {10.3390/rs13030447},
  x-url = {https://doi.org/10.3390/rs13030447},
  year = {2021},
  month = jan,
  publisher = {{MDPI} {AG}},
  volume = {13},
  number = {3},
  pages = {447},
  author = {Vinicius Alves de Oliveira and Marie Chabert and Thomas Oberlin and Charly Poulliat and Mickael Bruno and Christophe Latry and Mikael Carlavan and Simon Henrot and Frederic Falzon and Roberto Camarero},
  title = {Reduced-Complexity End-to-End Variational Autoencoder for on Board Satellite Image Compression},
  journal = {Remote Sensing}
}

@ARTICLE{9690871,
  author={Alves de Oliveira, Vinicius and Chabert, Marie and Oberlin, Thomas and Poulliat, Charly and Bruno, Mickael and Latry, Christophe and Carlavan, Mikael and Henrot, Simon and Falzon, Frederic and Camarero, Roberto},
  journal={IEEE Geoscience and Remote Sensing Letters}, 
  title={Satellite Image Compression and Denoising With Neural Networks}, 
  year={2022},
  volume={19},
  number={},
  pages={1-5},
  x-doi={10.1109/LGRS.2022.3145992}}

  @article{Kong2020_2,
  doi = {10.1016/j.adhoc.2020.102272},
  x-url = {https://doi.org/10.1016/j.adhoc.2020.102272},
  year = {2020},
  month = oct,
  publisher = {Elsevier {BV}},
  volume = {107},
  pages = {102272},
  author = {Fanqiang Kong and Shunmin Zhao and Yunsong Li and Dan Li and Yongbo Zhou},
  title = {A residual network framework based on weighted feature channels for multispectral image compression},
  journal = {Ad Hoc Networks}
}

@misc{sentinel-2-user-handbook,
  title={Sentinel-2 User Handbook},
  author={{European Space Agency}},
  year={2015},
  url={https://sentinel.esa.int/documents/247904/685211/sentinel-2\_user\_handbook},
}

@ARTICLE{9878355,
  author={Sumbul, Gencer and Xiang, Jun and Demir, Begüm},
  journal={IEEE Transactions on Geoscience and Remote Sensing}, 
  title={Towards Simultaneous Image Compression and Indexing for Scalable Content-Based Retrieval in Remote Sensing}, 
  year={2022},
  volume={60},
  number={},
  pages={1-12},
  doi={10.1109/TGRS.2022.3204914}}

@book{cover1991elements,
  title={Elements of Information Theory},
  author={Cover, T. M. and Thomas, J. A.},
  year={1991},
  publisher={Wiley-Interscience}
}

@Article{barmpoutis2020,
AUTHOR = {Barmpoutis, Panagiotis and Papaioannou, Periklis and Dimitropoulos, Kosmas and Grammalidis, Nikos},
TITLE = {A Review on early forest fire detection systems using optical remote sensing},
JOURNAL = {Sensors},
VOLUME = {20},
YEAR = {2020},
NUMBER = {22},
ARTICLE-NUMBER = {6442},
x-URL = {https://www.mdpi.com/1424-8220/20/22/6442},
ISSN = {1424-8220},
ABSTRACT = {The environmental challenges the world faces nowadays have never been greater or more complex. Global areas covered by forests and urban woodlands are threatened by natural disasters that have increased dramatically during the last decades, in terms of both frequency and magnitude. Large-scale forest fires are one of the most harmful natural hazards affecting climate change and life around the world. Thus, to minimize their impacts on people and nature, the adoption of well-planned and closely coordinated effective prevention, early warning, and response approaches are necessary. This paper presents an overview of the optical remote sensing technologies used in early fire warning systems and provides an extensive survey on both flame and smoke detection algorithms employed by each technology. Three types of systems are identified, namely terrestrial, airborne, and spaceborne-based systems, while various models aiming to detect fire occurrences with high accuracy in challenging environments are studied. Finally, the strengths and weaknesses of fire detection systems based on optical remote sensing are discussed aiming to contribute to future research projects for the development of early warning fire systems.},
DOI = {10.3390/s20226442}
}

@Article{rs14030589,
AUTHOR = {Wang, Juan and Li, Dongling and Cao, Wenting and Lou, Xiulin and Shi, Aiqin and Zhang, Huaguo},
TITLE = {Remote sensing analysis of erosion in {Arctic} coastal areas of {Alaska} and eastern {Siberia}},
JOURNAL = {Remote Sensing},
VOLUME = {14},
YEAR = {2022},
NUMBER = {3},
ARTICLE-NUMBER = {589},
x-URL = {https://www.mdpi.com/2072-4292/14/3/589},
ISSN = {2072-4292},
DOI = {10.3390/rs14030589}
}

@misc{radix,
  title={Radix},
  url={https://space.skyrocket.de/doc\_sdat/radix.htm},
  note={accessed: 2023-04-28}
}

@misc{MarCO,
  title={MarCO},
  url={https://www.jpl.nasa.gov/missions/mars-cube-one-marco},
  note={accessed: 2023-04-28}
}

@INPROCEEDINGS{9838671,
  author={Tung, Tze-Yang and Kurka, David Burth and Jankowski, Mikolaj and Gündüz, Deniz},
  booktitle={ICC 2022 - IEEE International Conference on Communications}, 
  title={DeepJSCC-Q: Channel Input Constrained Deep Joint Source-Channel Coding}, 
  year={2022},
  volume={},
  number={},
  pages={3880-3885},
  doi={10.1109/ICC45855.2022.9838671}}

  @misc{sentinel2,
  title={sentinel2},
  url={https://sentinel.esa.int/web/sentinel/missions/sentinel-2},
  note={accessed: 2023-04-28}
}

@misc{yang2021deep,
      title={Deep Joint Source-Channel Coding for Wireless Image Transmission with Adaptive Rate Control}, 
      author={Mingyu Yang and Hun-Seok Kim},
      year={2021},
      eprint={2110.04456},
      archivePrefix={arXiv},
      primaryClass={eess.SP}
}

@manual{cubesat2020,
    organization  = "The CubeSat Program, Cal Poly SLO",
    title         = "{CubeSat} design specification",
    year          =  2022,  
    note          = "Rev. 14",
    url = "https://www.cubesat.org/cubesatinfo"
}

@inproceedings{nogales2018,
author = {Nogales, Connor and Grim, Braden and Kamstra, Mitch and Campbell, Benjamin and Ewing, Aaron and Hance, Robert and Griffin, Joshua and Parke, Stephen},
year = {2018},
month = {08},
x-pages = {},
title = {{MakerSat-0}: {3D}-printed polymer degradation first data from orbit}
}

@ARTICLE{6408177,
  author={Kostina, Victoria and Verdú, Sergio},
  journal={IEEE Transactions on Information Theory}, 
  title={Lossy Joint Source-Channel Coding in the Finite Blocklength Regime}, 
  year={2013},
  volume={59},
  number={5},
  pages={2545-2575},
  doi={10.1109/TIT.2013.2238657}}

@INPROCEEDINGS{7506756,
  author={Popescu, Otilia and Harris, Jason S. and Popescu, Dimitrie C.},
  booktitle={SoutheastCon 2016}, 
  title={Designing the communication sub-system for nanosatellite CubeSat missions: Operational and implementation perspectives}, 
  year={2016},
  volume={},
  number={},
  pages={1-5},
  doi={10.1109/SECON.2016.7506756}}

@Article{s20216250,
AUTHOR = {Agarwal, Surabhi and Hervas-Martin, Elena and Byrne, Jonathan and Dunne, Aubrey and Luis Espinosa-Aranda, Jose and Rijlaarsdam, David},
TITLE = {An Evaluation of Low-Cost Vision Processors for Efficient Star Identification},
JOURNAL = {Sensors},
VOLUME = {20},
YEAR = {2020},
NUMBER = {21},
ARTICLE-NUMBER = {6250},
URL = {https://www.mdpi.com/1424-8220/20/21/6250},
PubMedID = {33147785},
ISSN = {1424-8220},
ABSTRACT = {Star trackers are navigation sensors that are used for attitude determination of a satellite relative to certain stars. A star tracker is required to be accurate and also consume as little power as possible in order to be used in small satellites. While traditional approaches use lookup tables for identifying stars, the latest advances in star tracking use neural networks for automatic star identification. This manuscript evaluates two low-cost processors capable of running a star identification neural network, the Intel Movidius Myriad 2 Vision Processing Unit (VPU) and the STM32 Microcontroller. The intention of this manuscript is to compare the accuracy and power usage to evaluate the suitability of each device for use in a star tracker. The Myriad 2 VPU and the STM32 Microcontroller have been specifically chosen because of their performance on computer vision algorithms alongside being cost-effective and low power consuming devices. The experimental results showed that the Myriad 2 proved to be efficient and consumed around 1 Watt of power while maintaining 99.08% accuracy with an input including false stars. Comparatively the STM32 was able to deliver comparable accuracy (99.07%) and power measurement results. The proposed experimental setup is beneficial for small spacecraft missions that require low-cost and low power consuming star trackers.},
DOI = {10.3390/s20216250}
}

@INPROCEEDINGS{9884906,
  author={Dunkel, Emily and Swope, Jason and Towfic, Zaid and Chien, Steve and Russell, Damon and Sauvageau, Joseph and Sheldon, Douglas and Romero-Cañas, Juan and Espinosa-Aranda, Jose Luis and Buckley, Léonie and Hervas-Martin, Elena and Fernandez, Mark and Knox, Carrie},
  booktitle={IGARSS 2022 - 2022 IEEE International Geoscience and Remote Sensing Symposium}, 
  title={Benchmarking Deep Learning Inference of Remote Sensing Imagery on the Qualcomm Snapdragon And Intel Movidius Myriad X Processors Onboard the International Space Station}, 
  year={2022},
  volume={},
  number={},
  pages={5301-5304},
  doi={10.1109/IGARSS46834.2022.9884906}}
  
@INPROCEEDINGS{8556744,
  author={Arechiga, Austin P. and Michaels, Alan J. and Black, Jonathan T.},
  booktitle={NAECON 2018 - IEEE National Aerospace and Electronics Conference}, 
  title={Onboard Image Processing for Small Satellites}, 
  year={2018},
  volume={},
  number={},
  pages={234-240},
  doi={10.1109/NAECON.2018.8556744}}
  
  @ARTICLE{9600851,
  author={Giuffrida, Gianluca and Fanucci, Luca and Meoni, Gabriele and Batič, Matej and Buckley, Léonie and Dunne, Aubrey and van Dijk, Chris and Esposito, Marco and Hefele, John and Vercruyssen, Nathan and Furano, Gianluca and Pastena, Massimiliano and Aschbacher, Josef},
  journal={IEEE Transactions on Geoscience and Remote Sensing}, 
  title={The $\Phi$-Sat-1 Mission: The First On-Board Deep Neural Network Demonstrator for Satellite Earth Observation}, 
  year={2022},
  volume={60},
  number={},
  pages={1-14},
  doi={10.1109/TGRS.2021.3125567}}

@inproceedings{DBLP:journals/corr/SimonyanZ14a,
  author       = {Karen Simonyan and
                  Andrew Zisserman},
  editor       = {Yoshua Bengio and
                  Yann LeCun},
  title        = {Very Deep Convolutional Networks for Large-Scale Image Recognition},
  booktitle    = {3rd International Conference on Learning Representations, {ICLR} 2015,
                  San Diego, CA, USA, May 7-9, 2015, Conference Track Proceedings},
  year         = {2015},
  url          = {http://arxiv.org/abs/1409.1556},
  timestamp    = {Wed, 17 Jul 2019 10:40:54 +0200},
  biburl       = {https://dblp.org/rec/journals/corr/SimonyanZ14a.bib},
  bibsource    = {dblp computer science bibliography, https://dblp.org}
}

@INPROCEEDINGS{7780459,
  author={He, Kaiming and Zhang, Xiangyu and Ren, Shaoqing and Sun, Jian},
  booktitle={2016 IEEE Conference on Computer Vision and Pattern Recognition (CVPR)}, 
  title={Deep Residual Learning for Image Recognition}, 
  year={2016},
  volume={},
  number={},
  pages={770-778},
  doi={10.1109/CVPR.2016.90}}

@INPROCEEDINGS {satjscc,
author = {O. Kondrateva and S. Dietzel and B. Scheuermann},
booktitle = {2023 IEEE 48th Conference on Local Computer Networks (LCN)},
title = {Joint Source-and-Channel Coding for Small Satellite Applications},
year = {2023},
}

@ARTICLE{fontan2001,
  author={Fontan, F.P. and Vazquez-Castro, M. and Cabado, C.E. and Garcia, J.P. and Kubista, E.},
  journal={IEEE Transactions on Vehicular Technology}, 
  title={Statistical modeling of the LMS channel}, 
  year={2001},
  volume={50},
  number={6},
}

@ARTICLE{wireless-attention-modules,
  author={Xu, Jialong and Ai, Bo and Chen, Wei and Yang, Ang and Sun, Peng and Rodrigues, Miguel},
  journal={IEEE Transactions on Circuits and Systems for Video Technology}, 
  title={Wireless Image Transmission Using Deep Source Channel Coding With Attention Modules}, 
  year={2022},
  volume={32},
  number={4},
  x-pages={2315-2328},
  x-keywords={Signal to noise ratio;Channel coding;Decoding;Wireless communication;Source coding;Transform coding;Image coding;Joint source channel coding;deep learning;deep neural network;attention mechanism},
  x-doi={10.1109/TCSVT.2021.3082521}
}

@book{gallager1968information,
  title={Information Theory and Reliable Communication},
  author={Gallager, R.G.},
  isbn={9780471290483},
  lccn={lc68026850},
  series={Courses and lectures},
  url={https://books.google.de/books?id=Uc3uAAAAMAAJ},
  year={1968},
  publisher={Wiley}
}

@ARTICLE{1614076,
  author={Yangfan Zhong and Alajaji, F. and Campbell, L.L.},
  journal={IEEE Transactions on Information Theory}, 
  title={On the joint source-channel coding error exponent for discrete memoryless systems}, 
  year={2006},
  volume={52},
  number={4},
  pages={1450-1468},
  keywords={Memoryless systems;Redundancy;Channel coding;Additive white noise;AWGN;Distortion measurement;Delay;Rayleigh channels;Quantization;Loss measurement;Discrete memoryless sources and channels;error exponent;Fenchel's duality;Hamming distortion measure;joint source–channel coding;random-coding exponent;reliability function;sphere-packing exponent;symmetric channels;tandem source and channel coding},
  doi={10.1109/TIT.2006.871608}}

  @INPROCEEDINGS{4557472,
  author={Zhong, Yangfan and Alajaji, Fady and Campbell, L. Lorne},
  booktitle={2007 IEEE International Symposium on Information Theory}, 
  title={Error Exponents for Asymmetric Two-User Discrete Memoryless Source-Channel Systems}, 
  year={2007},
  volume={},
  number={},
  pages={1736-1740},
  keywords={Decoding;Transmitters;Error analysis;Convergence;Broadcasting;Reliability theory;Sufficient conditions;Mathematics;Upper bound;Channel coding},
  doi={10.1109/ISIT.2007.4557472}}

  @ARTICLE{4205066,
  author={Xu, Qian and Stankovic, Vladimir and Xiong, Zixiang},
  journal={IEEE Journal on Selected Areas in Communications}, 
  title={Distributed joint source-channel coding of video using raptor codes}, 
  year={2007},
  volume={25},
  number={4},
  pages={851-861},
  keywords={Video compression;Video coding;Source coding;Protection;Iterative decoding;Bandwidth;Image coding;Wireless networks;Channel coding;Robustness},
  doi={10.1109/JSAC.2007.070520}}

  @misc{toderici2016variable,
  title={Variable Rate Image Compression with Recurrent Neural Networks}, 
  author={George Toderici and Sean M. O'Malley and Sung Jin Hwang and Damien Vincent and David Minnen and Shumeet Baluja and Michele Covell and Rahul Sukthankar},
  year={2016},
  eprint={1511.06085},
  archivePrefix={arXiv},
  primaryClass={cs.CV}
}

@misc{ballé2017endtoend,
      title={End-to-end Optimized Image Compression}, 
      author={Johannes Ballé and Valero Laparra and Eero P. Simoncelli},
      year={2017},
      eprint={1611.01704},
      archivePrefix={arXiv},
      primaryClass={cs.CV}
}

@inproceedings{DBLP:conf/nips/JiangKAKOV19,
  author       = {Yihan Jiang and
                  Hyeji Kim and
                  Himanshu Asnani and
                  Sreeram Kannan and
                  Sewoong Oh and
                  Pramod Viswanath},
  editor       = {Hanna M. Wallach and
                  Hugo Larochelle and
                  Alina Beygelzimer and
                  Florence d'Alch{\'{e}}{-}Buc and
                  Emily B. Fox and
                  Roman Garnett},
  title        = {Turbo Autoencoder: Deep learning based channel codes for point-to-point
                  communication channels},
  booktitle    = {Advances in Neural Information Processing Systems 32: Annual Conference
                  on Neural Information Processing Systems 2019, NeurIPS 2019, December
                  8-14, 2019, Vancouver, BC, Canada},
  pages        = {2754--2764},
  year         = {2019},
  url          = {https://proceedings.neurips.cc/paper/2019/hash/228499b55310264a8ea0e27b6e7c6ab6-Abstract.html},
  timestamp    = {Mon, 16 May 2022 15:41:51 +0200},
  biburl       = {https://dblp.org/rec/conf/nips/JiangKAKOV19.bib},
  bibsource    = {dblp computer science bibliography, https://dblp.org}
}

@ARTICLE{8054694,
  author={O’Shea, Timothy and Hoydis, Jakob},
  journal={IEEE Transactions on Cognitive Communications and Networking}, 
  title={An Introduction to Deep Learning for the Physical Layer}, 
  year={2017},
  volume={3},
  number={4},
  pages={563-575},
  keywords={Artificial neural networks;Physical layer;Communication systems;Receivers;Modulation;Radio transmitters;Machine learning;Machine learning;deep learning;physical layer;digital communications;modulation;radio communication;cognitive radio},
  doi={10.1109/TCCN.2017.2758370}}

  @ARTICLE{9438648,
  author={Xu, Jialong and Ai, Bo and Chen, Wei and Yang, Ang and Sun, Peng and Rodrigues, Miguel},
  journal={IEEE Transactions on Circuits and Systems for Video Technology}, 
  title={Wireless Image Transmission Using Deep Source Channel Coding With Attention Modules}, 
  year={2022},
  volume={32},
  number={4},
  pages={2315-2328},
  keywords={Signal to noise ratio;Channel coding;Decoding;Wireless communication;Source coding;Transform coding;Image coding;Joint source channel coding;deep learning;deep neural network;attention mechanism},
  doi={10.1109/TCSVT.2021.3082521}}

@INPROCEEDINGS {10223379,
author = {O. Kondrateva and S. Dietzel and B. Scheuermann},
booktitle = {2023 IEEE 48th Conference on Local Computer Networks (LCN)},
title = {Joint Source-and-Channel Coding for Small Satellite Applications},
year = {2023},
volume = {},
issn = {},
pages = {1-9},
keywords = {earth;adaptation models;image coding;computational modeling;neural networks;small satellites;low earth orbit satellites},
doi = {10.1109/LCN58197.2023.10223379},
url = {https://doi.ieeecomputersociety.org/10.1109/LCN58197.2023.10223379},
publisher = {IEEE Computer Society},
address = {Los Alamitos, CA, USA},
month = {oct}
}

@INPROCEEDINGS {nakajima2012,
author = {A. Nakajima and N. Sako and M. Kamemura and Y. Wakayama and A. Fukuzawa and H. Sugiyama and N. Okad},
booktitle = {Proc. Int. Conf. on Space Optical
Sys. and App., (ICSOS)},
title = {ShindaiSat: A visible light communication experimental micro-satellite},
year = {2012},
volume = {},
issn = {},
pages = {1-5},
month = {oct}
}

@INPROCEEDINGS {welle2018,
author = {R. Welle and S. Janson and D. Rowen and T. Rose},
booktitle = {Proc. of the 13th Reinventing Space Conf.},
title = {CubeSat-scale high-speed laser downlinks},
year = {2018},
volume = {},
issn = {},
pages = {7-17},
}

@ARTICLE{1623307,
  author={Chun Loo},
  journal={IEEE Transactions on Vehicular Technology}, 
  title={A statistical model for a land mobile satellite link}, 
  year={1985},
  volume={34},
  number={3},
  pages={122-127},
  keywords={Satellite broadcasting;Probability density function;Attenuation;Shadow mapping;Rayleigh scattering;Mathematical model;Interference;Laboratories;Predictive models;Fading},
  doi={10.1109/T-VT.1985.24048}}

  @article{Corazza1994ASM,
  title={A statistical model for land mobile satellite channels and its application to nongeostationary orbit systems},
  author={Giovanni Emanuele Corazza and Francesco Vatalaro},
  journal={IEEE Transactions on Vehicular Technology},
  year={1994},
  volume={43},
  pages={738-742},
  url={https://api.semanticscholar.org/CorpusID:62183138}
}

@INPROCEEDINGS{596315,
  author={Seung-Hoon Hwang and Ki-Jun Kim and Jae-Young Ahn and Keum-Chan Whang},
  booktitle={1997 IEEE 47th Vehicular Technology Conference. Technology in Motion}, 
  title={A channel model for nongeostationary orbiting satellite system}, 
  year={1997},
  volume={1},
  number={},
  pages={41-45 vol.1},
  keywords={Satellites;Shadow mapping;Fading;Statistics;Probability distribution;Random processes;Narrowband;Least squares approximation;Power system modeling;Rayleigh channels},
  doi={10.1109/VETEC.1997.596315}}

  @ARTICLE{661055,
  author={Patzold, M. and Yingchun Li and Laue, F.},
  journal={IEEE Transactions on Vehicular Technology}, 
  title={A study of a land mobile satellite channel model with asymmetrical Doppler power spectrum and lognormally distributed line-of-sight component}, 
  year={1998},
  volume={47},
  number={1},
  pages={297-310},
  keywords={Analytical models;Shadow mapping;Artificial satellites;Mobile communication;Frequency;Doppler shift;Scattering;Shape;Probability density function;Computational modeling},
  doi={10.1109/25.661055}}

  @ARTICLE{966585,
  author={Fontan, F.P. and Vazquez-Castro, M. and Cabado, C.E. and Garcia, J.P. and Kubista, E.},
  journal={IEEE Transactions on Vehicular Technology}, 
  title={Statistical modeling of the LMS channel}, 
  year={2001},
  volume={50},
  number={6},
  pages={1549-1567},
  keywords={Least squares approximation;Satellite broadcasting;Low earth orbit satellites;Shadow mapping;Wideband;Power generation;Signal generators;Data mining;Narrowband;Delay},
  doi={10.1109/25.966585}}

  @INPROCEEDINGS{4151152,
  author={Scalise, S. and Alasseur, C. and Husson, L. and Ernst, H.},
  booktitle={IEEE Globecom 2006}, 
  title={SAT04-2: Accurate and Novel Modeling of the Land Mobile Satellite Channel using Reversible Jump Markov Chain Monte Carlo Technique}, 
  year={2006},
  volume={},
  number={},
  pages={1-6},
  keywords={Satellites;Monte Carlo methods;Frequency;Velocity measurement;Atmospheric modeling;Shadow mapping;Random processes;Boundary conditions;Vehicles;Sampling methods},
  doi={10.1109/GLOCOM.2006.522}}

  @ARTICLE{7779114,
  author={Nikolaidis, Viktor and Moraitis, Nektarios and Kanatas, Athanasios G.},
  journal={IEEE Transactions on Antennas and Propagation}, 
  title={Dual-Polarized Narrowband MIMO LMS Channel Measurements in Urban Environments}, 
  year={2017},
  volume={65},
  number={2},
  pages={763-774},
  keywords={MIMO;Antenna measurements;Trajectory;Receiving antennas;Channel capacity;correlation properties;dual-polarized;multiple-input-multiple-output (MIMO) satellite measurements;quasi-stationarity},
  doi={10.1109/TAP.2016.2637862}}

  @ARTICLE{8693582,
  author={Lopez-Salamanca, Julian J. and Seman, Laio Oriel and Berejuck, Marcelo D. and Bezerra, Eduardo A.},
  journal={IEEE Transactions on Aerospace and Electronic Systems}, 
  title={Finite-State Markov Chains Channel Model for CubeSats Communication Uplink}, 
  year={2020},
  volume={56},
  number={1},
  pages={142-154},
  keywords={CubeSat;Communication channels;Satellite broadcasting;Probability density function;Rayleigh channels;Channel model;consultative committee for space data systems (CCSDS);CubeSat;design for experiments;design for testability;digital communication;finite state Markov channel (FSMC);hardware-in-the-loop (HIL) setup;link layer communication;low Earth orbit satellite;Nakagami-m fading;satellite communication uplink;space communications;telecommand},
  doi={10.1109/TAES.2019.2911769}}

  @ARTICLE{9079470,
  author={Saeed, Nasir and Elzanaty, Ahmed and Almorad, Heba and Dahrouj, Hayssam and Al-Naffouri, Tareq Y. and Alouini, Mohamed-Slim},
  journal={IEEE Communications Surveys \& Tutorials}, 
  title={CubeSat Communications: Recent Advances and Future Challenges}, 
  year={2020},
  volume={22},
  number={3},
  pages={1839-1862},
  keywords={CubeSat;Space vehicles;Earth;Internet;Industries;CubeSats;communications;connectivity;cyber-physical systems;Internet of Things},
  doi={10.1109/COMST.2020.2990499}}

  @article{DBLP:journals/ijscn/Perez-FontanMMPMMR08,
  author       = {Fernando P{\'{e}}rez{-}Font{\'{a}}n and
                  A. Mayo and
                  D. Marote and
                  Roberto Prieto{-}Cerdeira and
                  Perfecto Mari{\~{n}}o and
                  Fernando Machado and
                  N. Riera},
  title        = {Review of generative models for the narrowband land mobile satellite
                  propagation channel},
  journal      = {Int. J. Satell. Commun. Netw.},
  volume       = {26},
  number       = {4},
  pages        = {291--316},
  year         = {2008},
  url          = {https://doi.org/10.1002/sat.914},
  doi          = {10.1002/SAT.914},
  timestamp    = {Wed, 12 Aug 2020 10:36:52 +0200},
  biburl       = {https://dblp.org/rec/journals/ijscn/Perez-FontanMMPMMR08.bib},
  bibsource    = {dblp computer science bibliography, https://dblp.org}
}










